%YAML 1.1
%TAG !u! tag:unity3d.com,2011:
--- !u!1 &350254191602845323
GameObject:
  m_ObjectHideFlags: 0
  m_CorrespondingSourceObject: {fileID: 0}
  m_PrefabInstance: {fileID: 0}
  m_PrefabAsset: {fileID: 0}
  serializedVersion: 6
  m_Component:
  - component: {fileID: 5747924062056655389}
  - component: {fileID: 5033848547767944514}
  - component: {fileID: 3978137539328587523}
  - component: {fileID: 9121967384873809373}
  m_Layer: 10
  m_Name: Money Bag
  m_TagString: Gold
  m_Icon: {fileID: 0}
  m_NavMeshLayer: 0
  m_StaticEditorFlags: 0
  m_IsActive: 1
--- !u!4 &5747924062056655389
Transform:
  m_ObjectHideFlags: 0
  m_CorrespondingSourceObject: {fileID: 0}
  m_PrefabInstance: {fileID: 0}
  m_PrefabAsset: {fileID: 0}
  m_GameObject: {fileID: 350254191602845323}
  m_LocalRotation: {x: 0, y: 0, z: 0, w: 1}
  m_LocalPosition: {x: 0, y: 0, z: 0}
  m_LocalScale: {x: 12.5, y: 12.5, z: 12.5}
  m_Children:
  - {fileID: 5518499566565974829}
  - {fileID: 4462095623224251475}
  m_Father: {fileID: 0}
  m_RootOrder: 0
  m_LocalEulerAnglesHint: {x: 0, y: 0, z: 0}
--- !u!65 &5033848547767944514
BoxCollider:
  m_ObjectHideFlags: 0
  m_CorrespondingSourceObject: {fileID: 0}
  m_PrefabInstance: {fileID: 0}
  m_PrefabAsset: {fileID: 0}
  m_GameObject: {fileID: 350254191602845323}
  m_Material: {fileID: 0}
  m_IsTrigger: 1
  m_Enabled: 1
  serializedVersion: 2
  m_Size: {x: 0.6, y: 0.1, z: 0.1}
  m_Center: {x: -0.005, y: 0.02, z: 0}
--- !u!54 &3978137539328587523
Rigidbody:
  m_ObjectHideFlags: 0
  m_CorrespondingSourceObject: {fileID: 0}
  m_PrefabInstance: {fileID: 0}
  m_PrefabAsset: {fileID: 0}
  m_GameObject: {fileID: 350254191602845323}
  serializedVersion: 2
  m_Mass: 1
  m_Drag: 0
  m_AngularDrag: 0.05
  m_UseGravity: 1
  m_IsKinematic: 0
  m_Interpolate: 0
  m_Constraints: 0
  m_CollisionDetection: 1
--- !u!114 &9121967384873809373
MonoBehaviour:
  m_ObjectHideFlags: 0
  m_CorrespondingSourceObject: {fileID: 0}
  m_PrefabInstance: {fileID: 0}
  m_PrefabAsset: {fileID: 0}
  m_GameObject: {fileID: 350254191602845323}
  m_Enabled: 1
  m_EditorHideFlags: 0
  m_Script: {fileID: 11500000, guid: 023aca34f99b91f4cada49ce4cd348ab, type: 3}
  m_Name: 
  m_EditorClassIdentifier: 
  type: 3
--- !u!1 &2293451725980151488
GameObject:
  m_ObjectHideFlags: 0
  m_CorrespondingSourceObject: {fileID: 0}
  m_PrefabInstance: {fileID: 0}
  m_PrefabAsset: {fileID: 0}
  serializedVersion: 6
  m_Component:
  - component: {fileID: 4462095623224251475}
  - component: {fileID: 260814491275011483}
  m_Layer: 10
  m_Name: GameObject
  m_TagString: Untagged
  m_Icon: {fileID: 0}
  m_NavMeshLayer: 0
  m_StaticEditorFlags: 0
  m_IsActive: 1
--- !u!4 &4462095623224251475
Transform:
  m_ObjectHideFlags: 0
  m_CorrespondingSourceObject: {fileID: 0}
  m_PrefabInstance: {fileID: 0}
  m_PrefabAsset: {fileID: 0}
  m_GameObject: {fileID: 2293451725980151488}
  m_LocalRotation: {x: 0, y: 0, z: 0, w: 1}
  m_LocalPosition: {x: 0, y: 0, z: 0}
  m_LocalScale: {x: 1, y: 1, z: 1}
  m_Children: []
  m_Father: {fileID: 5747924062056655389}
  m_RootOrder: 1
  m_LocalEulerAnglesHint: {x: 0, y: 0, z: 0}
--- !u!122 &260814491275011483
Halo:
  m_ObjectHideFlags: 0
  m_CorrespondingSourceObject: {fileID: 0}
  m_PrefabInstance: {fileID: 0}
  m_PrefabAsset: {fileID: 0}
  m_GameObject: {fileID: 2293451725980151488}
  m_Enabled: 1
  m_Color:
    serializedVersion: 2
    rgba: 4280361249
  m_Size: 3
--- !u!64 &324569311566553848
MeshCollider:
  m_ObjectHideFlags: 0
  m_CorrespondingSourceObject: {fileID: 0}
  m_PrefabInstance: {fileID: 0}
  m_PrefabAsset: {fileID: 0}
  m_GameObject: {fileID: 5446023552215698155}
  m_Material: {fileID: 0}
  m_IsTrigger: 0
  m_Enabled: 1
  serializedVersion: 3
  m_Convex: 1
  m_CookingOptions: 14
  m_Mesh: {fileID: -1704479254285349681, guid: ca3063ae928f13e4bb48a9045ef5295f, type: 3}
--- !u!1001 &715811552885098551
PrefabInstance:
  m_ObjectHideFlags: 0
  serializedVersion: 2
  m_Modification:
    m_TransformParent: {fileID: 5747924062056655389}
    m_Modifications:
    - target: {fileID: -927199367670048503, guid: ca3063ae928f13e4bb48a9045ef5295f,
        type: 3}
      propertyPath: m_Name
      value: SM_Dagger_01a
      objectReference: {fileID: 0}
    - target: {fileID: -927199367670048503, guid: ca3063ae928f13e4bb48a9045ef5295f,
        type: 3}
      propertyPath: m_Layer
      value: 10
      objectReference: {fileID: 0}
    - target: {fileID: 4790487781479285468, guid: ca3063ae928f13e4bb48a9045ef5295f,
        type: 3}
      propertyPath: m_Layer
      value: 10
      objectReference: {fileID: 0}
    - target: {fileID: -4216859302048453862, guid: ca3063ae928f13e4bb48a9045ef5295f,
        type: 3}
      propertyPath: m_LocalPosition.x
      value: -0
      objectReference: {fileID: 0}
    - target: {fileID: -4216859302048453862, guid: ca3063ae928f13e4bb48a9045ef5295f,
        type: 3}
      propertyPath: m_LocalPosition.y
      value: 0
      objectReference: {fileID: 0}
    - target: {fileID: -4216859302048453862, guid: ca3063ae928f13e4bb48a9045ef5295f,
        type: 3}
      propertyPath: m_LocalPosition.z
      value: 0
      objectReference: {fileID: 0}
    - target: {fileID: -4216859302048453862, guid: ca3063ae928f13e4bb48a9045ef5295f,
        type: 3}
      propertyPath: m_LocalRotation.x
      value: 0
      objectReference: {fileID: 0}
    - target: {fileID: -4216859302048453862, guid: ca3063ae928f13e4bb48a9045ef5295f,
        type: 3}
      propertyPath: m_LocalRotation.y
      value: -0
      objectReference: {fileID: 0}
    - target: {fileID: -4216859302048453862, guid: ca3063ae928f13e4bb48a9045ef5295f,
        type: 3}
      propertyPath: m_LocalRotation.z
      value: -0
      objectReference: {fileID: 0}
    - target: {fileID: -4216859302048453862, guid: ca3063ae928f13e4bb48a9045ef5295f,
        type: 3}
      propertyPath: m_LocalRotation.w
      value: 1
      objectReference: {fileID: 0}
    - target: {fileID: -4216859302048453862, guid: ca3063ae928f13e4bb48a9045ef5295f,
        type: 3}
      propertyPath: m_RootOrder
      value: 0
      objectReference: {fileID: 0}
    - target: {fileID: -4216859302048453862, guid: ca3063ae928f13e4bb48a9045ef5295f,
        type: 3}
      propertyPath: m_LocalEulerAnglesHint.x
      value: 0
      objectReference: {fileID: 0}
    - target: {fileID: -4216859302048453862, guid: ca3063ae928f13e4bb48a9045ef5295f,
        type: 3}
      propertyPath: m_LocalEulerAnglesHint.y
      value: 0
      objectReference: {fileID: 0}
    - target: {fileID: -4216859302048453862, guid: ca3063ae928f13e4bb48a9045ef5295f,
        type: 3}
      propertyPath: m_LocalEulerAnglesHint.z
      value: 0
      objectReference: {fileID: 0}
    - target: {fileID: -4216859302048453862, guid: ca3063ae928f13e4bb48a9045ef5295f,
        type: 3}
      propertyPath: m_LocalScale.x
      value: 0.01
      objectReference: {fileID: 0}
    - target: {fileID: -4216859302048453862, guid: ca3063ae928f13e4bb48a9045ef5295f,
        type: 3}
      propertyPath: m_LocalScale.y
      value: 0.01
      objectReference: {fileID: 0}
    - target: {fileID: -4216859302048453862, guid: ca3063ae928f13e4bb48a9045ef5295f,
        type: 3}
      propertyPath: m_LocalScale.z
      value: 0.01
      objectReference: {fileID: 0}
    - target: {fileID: -587838522065597673, guid: ca3063ae928f13e4bb48a9045ef5295f,
        type: 3}
      propertyPath: m_Materials.Array.data[0]
      value: 
      objectReference: {fileID: 2100000, guid: 01eaed799403dc7468494e88670b1152, type: 2}
    m_RemovedComponents: []
  m_SourcePrefab: {fileID: 100100000, guid: ca3063ae928f13e4bb48a9045ef5295f, type: 3}
--- !u!4 &5518499566565974829 stripped
Transform:
  m_CorrespondingSourceObject: {fileID: -4216859302048453862, guid: ca3063ae928f13e4bb48a9045ef5295f,
    type: 3}
  m_PrefabInstance: {fileID: 715811552885098551}
  m_PrefabAsset: {fileID: 0}
--- !u!1 &5446023552215698155 stripped
GameObject:
  m_CorrespondingSourceObject: {fileID: 4790487781479285468, guid: ca3063ae928f13e4bb48a9045ef5295f,
    type: 3}
  m_PrefabInstance: {fileID: 715811552885098551}
  m_PrefabAsset: {fileID: 0}
